<records xmlns="http://www.openarchives.org/OAI/2.0/">
<record>
  <header>
    <identifier>oai:mst.rochester.edu:marcnormalization/135</identifier>
    <datestamp />
    <predecessors>
      <predecessor>oai:mst.rochester.edu:137</predecessor>
    </predecessors>
    <setSpec>MARCXML Bibliographic Records</setSpec>
    <status>active</status>
  </header>
  <metadata>
    <marc:record xmlns:marc="http://www.loc.gov/MARC21/slim" xmlns:xsi="http://www.w3.org/2001/XMLSchema-instance" xsi:schemaLocation="http://www.loc.gov/MARC21/slim http://www.loc.gov/standards/marcxml/schema/MARC21slim.xsd">
      <marc:leader>01613cam a22004210  45 A</marc:leader>
      <marc:controlfield tag="001">418963</marc:controlfield>
      <marc:controlfield tag="005">20060625200015.0</marc:controlfield>
      <marc:controlfield tag="008">691201s1969    mauag    bd   000 0 eng</marc:controlfield>
      <marc:datafield tag="010" ind1=" " ind2=" ">
        <marc:subfield code="a">68021970 /MN</marc:subfield>
      </marc:datafield>
      <marc:datafield tag="020" ind1=" " ind2=" ">
        <marc:subfield code="a">0674375017</marc:subfield>
      </marc:datafield>
      <marc:datafield tag="035" ind1=" " ind2=" ">
        <marc:subfield code="a">(OCoLC)21452</marc:subfield>
      </marc:datafield>
      <marc:datafield tag="035" ind1=" " ind2=" ">
        <marc:subfield code="9">00335415</marc:subfield>
      </marc:datafield>
      <marc:datafield tag="040" ind1=" " ind2=" ">
        <marc:subfield code="a">DLC</marc:subfield>
        <marc:subfield code="c">DLC</marc:subfield>
        <marc:subfield code="d">m.c.</marc:subfield>
        <marc:subfield code="d">OCL</marc:subfield>
        <marc:subfield code="d">RRR</marc:subfield>
      </marc:datafield>
      <marc:datafield tag="049" ind1=" " ind2=" ">
        <marc:subfield code="a">RRR3</marc:subfield>
      </marc:datafield>
      <marc:datafield tag="050" ind1="0" ind2=" ">
        <marc:subfield code="a">ML100</marc:subfield>
        <marc:subfield code="b">.A64 1969</marc:subfield>
      </marc:datafield>
      <marc:datafield tag="090" ind1=" " ind2=" ">
        <marc:subfield code="a">ML100</marc:subfield>
        <marc:subfield code="b">.A64h 1969</marc:subfield>
      </marc:datafield>
      <marc:datafield tag="099" ind1=" " ind2=" ">
        <marc:subfield code="a">ML100 .A64h 1969</marc:subfield>
        <marc:subfield code="a">ML100 .A641 1969</marc:subfield>
      </marc:datafield>
      <marc:datafield tag="100" ind1="1" ind2=" ">
        <marc:subfield code="a">Apel, Willi,</marc:subfield>
        <marc:subfield code="d">1893-1988.</marc:subfield>
        <marc:subfield code="4">aut</marc:subfield>
      </marc:datafield>
      <marc:datafield tag="245" ind1="1" ind2="0">
        <marc:subfield code="a">Harvard dictionary of music.</marc:subfield>
      </marc:datafield>
      <marc:datafield tag="250" ind1=" " ind2=" ">
        <marc:subfield code="a">2d ed., rev. and enl.</marc:subfield>
      </marc:datafield>
      <marc:datafield tag="260" ind1=" " ind2=" ">
        <marc:subfield code="a">Cambridge, Mass.,</marc:subfield>
        <marc:subfield code="b">Belknap Press of Harvard University Press,</marc:subfield>
        <marc:subfield code="c">1969.</marc:subfield>
      </marc:datafield>
      <marc:datafield tag="300" ind1=" " ind2=" ">
        <marc:subfield code="a">xv, 935 p.</marc:subfield>
        <marc:subfield code="b">illus., music.</marc:subfield>
        <marc:subfield code="c">24 cm.</marc:subfield>
      </marc:datafield>
      <marc:datafield tag="500" ind1=" " ind2=" ">
        <marc:subfield code="a">Restricted to musical topics, omitting biographical articles.</marc:subfield>
      </marc:datafield>
      <marc:datafield tag="504" ind1=" " ind2=" ">
        <marc:subfield code="a">Includes bibliographies.</marc:subfield>
      </marc:datafield>
      <marc:datafield tag="650" ind1=" " ind2="0">
        <marc:subfield code="a">Music</marc:subfield>
        <marc:subfield code="x">Dictionaries.</marc:subfield>
      </marc:datafield>
      <marc:datafield tag="911" ind1=" " ind2=" ">
        <marc:subfield code="a">u</marc:subfield>
      </marc:datafield>
      <marc:datafield tag="966" ind1=" " ind2=" ">
        <marc:subfield code="l">/Stack</marc:subfield>
        <marc:subfield code="m">SMONO</marc:subfield>
        <marc:subfield code="s">ML100 .A641 1969</marc:subfield>
        <marc:subfield code="c">1</marc:subfield>
      </marc:datafield>
      <marc:datafield tag="966" ind1=" " ind2=" ">
        <marc:subfield code="l">/Csstk</marc:subfield>
        <marc:subfield code="m">SMONC</marc:subfield>
        <marc:subfield code="s">ML100 .A641 1969</marc:subfield>
        <marc:subfield code="c">2</marc:subfield>
        <marc:subfield code="b">39087008623409</marc:subfield>
      </marc:datafield>
      <marc:datafield tag="966" ind1=" " ind2=" ">
        <marc:subfield code="l">/Csstk</marc:subfield>
        <marc:subfield code="m">SMONC</marc:subfield>
        <marc:subfield code="s">ML100 .A641 1969</marc:subfield>
        <marc:subfield code="c">3</marc:subfield>
        <marc:subfield code="b">39087008543698</marc:subfield>
      </marc:datafield>
      <marc:datafield tag="966" ind1=" " ind2=" ">
        <marc:subfield code="l">/Rare</marc:subfield>
        <marc:subfield code="m">SRARE</marc:subfield>
        <marc:subfield code="s">ML100 .A641 1969</marc:subfield>
        <marc:subfield code="c">4</marc:subfield>
      </marc:datafield>
      <marc:datafield tag="966" ind1=" " ind2=" ">
        <marc:subfield code="l">/Csstk</marc:subfield>
        <marc:subfield code="m">SMONC</marc:subfield>
        <marc:subfield code="s">ML100 .A641 1969</marc:subfield>
        <marc:subfield code="c">5</marc:subfield>
        <marc:subfield code="b">39087008556559</marc:subfield>
      </marc:datafield>
      <marc:datafield tag="966" ind1=" " ind2=" ">
        <marc:subfield code="l">/Ref</marc:subfield>
        <marc:subfield code="m">SREF</marc:subfield>
        <marc:subfield code="s">ML100 .A641 1969</marc:subfield>
        <marc:subfield code="c">6</marc:subfield>
        <marc:subfield code="b">39087008613582</marc:subfield>
      </marc:datafield>
      <marc:datafield tag="966" ind1=" " ind2=" ">
        <marc:subfield code="l">/Csstk</marc:subfield>
        <marc:subfield code="m">SMONC</marc:subfield>
        <marc:subfield code="s">ML100 .A641 1969</marc:subfield>
        <marc:subfield code="c">7</marc:subfield>
        <marc:subfield code="b">39087008611974</marc:subfield>
      </marc:datafield>
      <marc:datafield tag="966" ind1=" " ind2=" ">
        <marc:subfield code="l">/Stor</marc:subfield>
        <marc:subfield code="m">SMONC</marc:subfield>
        <marc:subfield code="s">ML100 .A641 1969</marc:subfield>
        <marc:subfield code="c">8</marc:subfield>
        <marc:subfield code="b">39087008611966</marc:subfield>
      </marc:datafield>
      <marc:datafield tag="966" ind1=" " ind2=" ">
        <marc:subfield code="l">/Csstk</marc:subfield>
        <marc:subfield code="m">SMONC</marc:subfield>
        <marc:subfield code="s">ML100 .A641 1969</marc:subfield>
        <marc:subfield code="c">9</marc:subfield>
        <marc:subfield code="b">39087008543714</marc:subfield>
      </marc:datafield>
      <marc:datafield tag="966" ind1=" " ind2=" ">
        <marc:subfield code="l">/Csstk</marc:subfield>
        <marc:subfield code="m">SMONC</marc:subfield>
        <marc:subfield code="s">ML100 .A641 1969</marc:subfield>
        <marc:subfield code="c">10</marc:subfield>
        <marc:subfield code="b">39087008543706</marc:subfield>
      </marc:datafield>
      <marc:datafield tag="966" ind1=" " ind2=" ">
        <marc:subfield code="l">Ref</marc:subfield>
        <marc:subfield code="m">RREF</marc:subfield>
        <marc:subfield code="s">ML100 .A64h 1969</marc:subfield>
        <marc:subfield code="b">39087007430111</marc:subfield>
      </marc:datafield>
      <marc:datafield tag="966" ind1=" " ind2=" ">
        <marc:subfield code="l">MMRef</marc:subfield>
        <marc:subfield code="m">MMREF</marc:subfield>
        <marc:subfield code="s">ML100 .A64h 1969</marc:subfield>
        <marc:subfield code="b">39087005226842</marc:subfield>
      </marc:datafield>
      <marc:datafield tag="931" ind1="beluga" ind2=" ">
        <marc:subfield code="a">Text</marc:subfield>
        <marc:subfield code="5">NRU</marc:subfield>
      </marc:datafield>
      <marc:datafield tag="932" ind1="beluga" ind2=" ">
        <marc:subfield code="a">Language material</marc:subfield>
        <marc:subfield code="5">NRU</marc:subfield>
      </marc:datafield>
      <marc:datafield tag="933" ind1="beluga" ind2=" ">
        <marc:subfield code="a">Text</marc:subfield>
        <marc:subfield code="5">NRU</marc:subfield>
      </marc:datafield>
      <marc:datafield tag="935" ind1="beluga" ind2=" ">
        <marc:subfield code="a">Monograph/Item</marc:subfield>
        <marc:subfield code="5">NRU</marc:subfield>
      </marc:datafield>
      <marc:datafield tag="937" ind1="beluga" ind2=" ">
        <marc:subfield code="a">Non-Fiction</marc:subfield>
        <marc:subfield code="5">NRU</marc:subfield>
      </marc:datafield>
      <marc:datafield tag="941" ind1="beluga" ind2=" ">
        <marc:subfield code="a">eng</marc:subfield>
        <marc:subfield code="5">NRU</marc:subfield>
      </marc:datafield>
      <marc:datafield tag="943" ind1="beluga" ind2=" ">
        <marc:subfield code="a">English</marc:subfield>
        <marc:subfield code="5">NRU</marc:subfield>
      </marc:datafield>
      <marc:datafield tag="947" ind1="beluga" ind2=" ">
        <marc:subfield code="a">0674375017</marc:subfield>
        <marc:subfield code="5">NRU</marc:subfield>
      </marc:datafield>
      <marc:controlfield tag="003">NRU</marc:controlfield>
      <marc:datafield tag="035" ind1="beluga" ind2=" ">
        <marc:subfield code="a">(NRU)418963</marc:subfield>
      </marc:datafield>
      <marc:datafield tag="240" ind1="beluga1" ind2="0">
        <marc:subfield code="a">Harvard dictionary of music.</marc:subfield>
      </marc:datafield>
      <marc:datafield tag="965" ind1="beluga2" ind2="0">
        <marc:subfield code="a">Music</marc:subfield>
        <marc:subfield code="5">NRU</marc:subfield>
      </marc:datafield>
      <marc:datafield tag="965" ind1="beluga4" ind2="0">
        <marc:subfield code="x">Dictionaries.</marc:subfield>
        <marc:subfield code="5">NRU</marc:subfield>
      </marc:datafield>
    </marc:record>
  </metadata>
</record>
</records>
